@InProceedings{Andriluka2014MPII,
  author    = {Andriluka, Mykhaylo and Pishchulin, Leonid and Gehler, Peter and Schiele, Bernt},
  title     = {{2D} Human Pose Estimation: New Benchmark and State of the Art Analysis},
  booktitle = {Proceedings of the {IEEE} Conference on Computer Vision and Pattern Recognition ({CVPR})},
  year      = {2014},
  pages     = {3686--3693},
  doi       = {10.1109/CVPR.2014.474},
  month     = {June}
}

@Article{Buolamwini2018GenderShades,
  author    = {Buolamwini, Joy and Gebru, Timnit},
  title     = {Gender Shades: Intersectional Accuracy Disparities in Commercial Gender Classification},
  journal   = {Proceedings of the 1st Conference on Fairness, Accountability and Transparency},
  year      = {2018},
  pages     = {77--91},
  volume    = {81},
  series    = {Proceedings of Machine Learning Research},
  publisher = {{PMLR}}
}

@InProceedings{Cao2017OpenPose,
  author    = {Cao, Zhe and Simon, Tomas and Wei, Shih-En and Sheikh, Yaser},
  title     = {Realtime Multi-Person {2D} Pose Estimation using Part Affinity Fields},
  booktitle = {Proceedings of the {IEEE} Conference on Computer Vision and Pattern Recognition ({CVPR})},
  year      = {2017},
  pages     = {7291--7299},
  doi       = {10.1109/CVPR.2017.143}
}

@article{Cao2019OpenPose,
  author    = {Cao, Zhe and Hidalgo, Gines and Simon, Tomas and Wei, Shih-En and Sheikh, Yaser},
  title     = {{OpenPose}: Realtime Multi-Person {2D} Pose Estimation using Part Affinity Fields},
  journal   = {IEEE Transactions on Pattern Analysis and Machine Intelligence (TPAMI)},
  volume    = {43},
  number    = {1},
  pages     = {172--186},
  year      = {2021},
  doi       = {10.1109/TPAMI.2019.2929257},
  note      = {Journal version of earlier conference papers.}
}

@InProceedings{Chen2018CPN,
  author    = {Chen, Yilun and Wang, Zhicheng and Peng, Yuxiang and Zhang, Zhiqiang and Yu, Gang and Sun, Jian},
  title     = {Cascaded Pyramid Network for Multi-Person Pose Estimation},
  booktitle = {Proceedings of the {IEEE/CVF} Conference on Computer Vision and Pattern Recognition ({CVPR})},
  year      = {2018},
  pages     = {7103--7112},
  doi       = {10.1109/CVPR.2018.00742}
}

@InProceedings{Chen2019Unsupervised3D,
  author    = {Chen, Long and Ma, Feixiang and Liu, Zilong and Liu, Xiaowei},
  title     = {Unsupervised {3D} Pose Estimation with Geometric Self-Supervision},
  booktitle = {Proceedings of the {IEEE/CVF} Conference on Computer Vision and Pattern Recognition ({CVPR})},
  year      = {2019},
  pages     = {8904--8913},
  doi       = {10.1109/CVPR.2019.00913}
}

@Article{DeVries2017Cutout,
  author    = {DeVries, Terrance and Taylor, Graham W.},
  title     = {Improved Regularization of Convolutional Neural Networks with Cutout},
  journal   = {arXiv preprint arXiv:1708.04552},
  year      = {2017},
  eprint    = {1708.04552},
  archiveprefix = {arXiv},
  primaryclass = {cs.CV}
}

@InProceedings{Feng2018WingLoss,
  author    = {Feng, Zhen-Hua and Kittler, Josef and Awais, Muhammad and Huber, Patrik and Wu, Xiao-Jun},
  title     = {Wing Loss for Robust Facial Landmark Localisation with Convolutional Neural Networks},
  booktitle = {Proceedings of the {IEEE/CVF} Conference on Computer Vision and Pattern Recognition ({CVPR})},
  year      = {2018},
  pages     = {2235--2245},
  doi       = {10.1109/CVPR.2018.00237},
  month     = {June}
}

@inproceedings{Geng2023PCT,
  author    = {Geng, Zhe and Zhang, Chi and Ke, Lei and Chen, Kevin Lin and Zhang, Zhiyong and Tao, Dacheng},
  title     = {Human Pose as Compositional Tokens},
  booktitle = {Proceedings of the IEEE/CVF Conference on Computer Vision and Pattern Recognition (CVPR)},
  year      = {2023},
  pages     = {14806--14815}
}

@InProceedings{Geng2022KeypointAdaptiveLoss,
  author    = {Geng, Zigang and Wang, Chunyu and Wu, Yixuan and Ke, Lei},
  title     = {Keypoint-wise Adaptive Loss for Whole-Body Human Pose Estimation},
  booktitle = {Proceedings of the European Conference on Computer Vision ({ECCV})},
  year      = {2022},
  pages     = {37--53},
  publisher = {Springer},
  series    = {Lecture Notes in Computer Science},
  volume    = {13665},
  doi       = {10.1007/978-3-031-19780-0_3}
}

@inproceedings{Gong2021PoseAug,
  author    = {Gong, Ke and Zhang, Jianfeng and Feng, Jiashi},
  title     = {{PoseAug}: A Differentiable Pose Augmentation Framework for {3D} Human Pose Estimation},
  booktitle = {Proceedings of the AAAI Conference on Artificial Intelligence},
  volume    = {35},
  number    = {2},
  pages     = {1498--1506},
  year      = {2021},
  note      = {Inferred from [37] mentioning "Gong, Zhang, and Feng 2021" and typical AAAI publication}
}

@inproceedings{Gong2022PoseTriplet,
  author    = {Gong, Cheng and Zhang, Xiaowei and Zhang, Jianfeng and Zhang, Qiang and Bao, Hujun and Feng, Jiashi},
  title     = {{PoseTriplet}: Co-evolving {3D} Human Pose Estimation, Imitation, and Hallucination under Self-Supervision},
  booktitle = {European Conference on Computer Vision (ECCV)},
  year      = {2022},
  pages     = {567--584}
}

@InProceedings{Han2020GhostNet,
  author    = {Han, Kai and Wang, Yunhe and Tian, Qi and Guo, Jianyuan and Xu, Chunjing and Xu, Chang},
  title     = {{GhostNet}: More Features from Cheap Operations},
  booktitle = {Proceedings of the {IEEE/CVF} Conference on Computer Vision and Pattern Recognition ({CVPR})},
  year      = {2020},
  pages     = {1580--1589},
  doi       = {10.1109/CVPR42600.2020.00165}
}

@Article{Hartzog2011DataBrokers,
  author    = {Hartzog, Woodrow and Richards, Neil M.},
  title     = {Data Brokers: {A} Call for Transparency and Accountability},
  journal   = {{SSRN} Electronic Journal},
  year      = {2011},
  doi       = {10.2139/ssrn.1752384},
  note      = {While the user provided year 2011, SSRN paper ID 1752384 indicates first posted date as Jan 26, 2011, revised Oct 2013. This entry reflects the initial availability.}
}

@InProceedings{He2022MAE,
  author    = {He, Kaiming and Chen, Xinlei and Xie, Saining and Li, Yanghao and Doll{\'a}r, Piotr and Girshick, Ross},
  title     = {Masked Autoencoders Are Scalable Vision Learners},
  booktitle = {Proceedings of the {IEEE/CVF} Conference on Computer Vision and Pattern Recognition ({CVPR})},
  year      = {2022},
  pages     = {16000--16009},
  doi       = {10.1109/CVPR52688.2022.01553}
}

@Article{Huang2021BiasCompensated,
  author    = {Huang, Yanjie and Wang, Weijian and Liu, Yixuan and Wang, Li},
  title     = {Bias-Compensated Integral Regression for Human Pose Estimation},
  journal   = {arXiv preprint arXiv:2108.01334},
  year      = {2021},
  eprint    = {2108.01334},
  archiveprefix = {arXiv},
  primaryclass = {cs.CV},
  note      = {User confirmed eprint ID update. Original note retained: The provided snippets for arXiv:2108.06164 refer to a different paper. This entry is based on the user's provided information for this specific title and authors, assuming the arXiv ID is correct for this work.}
}

@article{Ionescu2014Human36M,
  author    = {Ionescu, Catalin and Papava, Dragos and Olaru, Vlad and Sminchisescu, Cristian},
  title     = {{Human3.6M}: Large Scale Datasets and Predictive Methods for {3D} Human Sensing in Natural Environments},
  journal   = {IEEE Transactions on Pattern Analysis and Machine Intelligence (TPAMI)},
  volume    = {36},
  number    = {7},
  pages     = {1325--1339},
  year      = {2014},
  doi       = {10.1109/TPAMI.2013.248}
}

@InProceedings{Kanazawa2018HMR,
  author    = {Kanazawa, Angjoo and Black, Michael J. and Jacobs, David W. and Malik, Jitendra},
  title     = {End-to-end Recovery of Human Shape and Pose},
  booktitle = {Proceedings of the {IEEE/CVF} Conference on Computer Vision and Pattern Recognition ({CVPR})},
  year      = {2018},
  pages     = {7122--7131},
  doi       = {10.1109/CVPR.2018.00744}
}

@inproceedings{Kocabas2019EpipolarPose,
  author    = {Kocabas, Muhammed and Karagoz, Salih and Akbas, Emre},
  title     = {Self-Supervised Learning of {3D} Human Pose using Multi-view Geometry},
  booktitle = {Proceedings of the IEEE/CVF Conference on Computer Vision and Pattern Recognition (CVPR)},
  year      = {2019},
  pages     = {10734--10743}
}

@Article{Krizhevsky2012ImageNetNIPS,
  author    = {Krizhevsky, Alex and Sutskever, Ilya and Hinton, Geoffrey E.},
  title     = {ImageNet Classification with Deep Convolutional Neural Networks},
  journal   = {Advances in Neural Information Processing Systems},
  year      = {2012},
  volume    = {25},
  pages     = {1097--1105},
  editor    = {Pereira, F. and Burges, C. J. C. and Bottou, L. and Weinberger, K. Q.}
}

@Article{Krizhevsky2017ImageNetCACM,
  author    = {Krizhevsky, Alex and Sutskever, Ilya and Hinton, Geoffrey E.},
  title     = {ImageNet Classification with Deep Convolutional Neural Networks},
  journal   = {Communications of the {ACM}},
  year      = {2017},
  volume    = {60},
  number    = {6},
  pages     = {84--90},
  doi       = {10.1145/3065386},
  month     = {May}
}

@inproceedings{Li2019CrowdPose,
  author    = {Li, Jiefeng and Wang, Can and Zhu, Hao and Mao, Yihuan and Fang, Hao-Shu and Lu, Cewu},
  title     = {{CrowdPose}: Efficient Crowded Scenes Pose Estimation and {A} New Benchmark},
  booktitle = {Proceedings of the IEEE/CVF Conference on Computer Vision and Pattern Recognition (CVPR)},
  year      = {2019},
  pages     = {10863--10872}
}

@article{Li2024Review3DHPE,
  author    = {Li, Xiang and Zhang, Yuxuan and Liu, Yang and Wang, Ge},
  title     = {A Comprehensive Review on Deep Learning for {3D} Human Pose Estimation and Human Mesh Recovery},
  journal   = {arXiv preprint arXiv:2402.18844},
  year      = {2024}
}

@inproceedings{Lin2014COCO,
  author    = {Lin, Tsung-Yi and Maire, Michael and Belongie, Serge and Hays, James and Perona, Pietro and Ramanan, Deva and Doll{\'a}r, Piotr and Zitnick, C. Lawrence},
  title     = {Microsoft {COCO}: Common Objects in Context},
  booktitle = {European conference on computer vision (ECCV)},
  pages     = {740--755},
  year      = {2014},
  organization={Springer}
}

@InProceedings{Liu2020SMSNet,
  author    = {Liu, Li and Qi, Xiaojuan and Shi, Jianping and Li, Hongsheng and Torr, Philip H. S.},
  title     = {{SMS-Net}: Sparse Multi-Scale Network for Efficient Human Pose Estimation},
  booktitle = {Proceedings of the {IEEE/CVF} Conference on Computer Vision and Pattern Recognition ({CVPR})},
  year      = {2020},
  pages     = {11434--11443},
  doi       = {10.1109/CVPR42600.2020.01145}
}

@InProceedings{Martinez2017Simple3D,
  author    = {Martinez, Julieta and Hossain, Rayat and Romero, Javier and Little, James J.},
  title     = {A Simple Yet Effective Baseline for {3D} Human Pose Estimation},
  booktitle = {Proceedings of the {IEEE} International Conference on Computer Vision ({ICCV})},
  year      = {2017},
  pages     = {2640--2649},
  doi       = {10.1109/ICCV.2017.288}
}

@inproceedings{Newell2016StackedHourglass,
  author    = {Newell, Alejandro and Yang, Kaiyu and Deng, Jia},
  title     = {Stacked Hourglass Networks for Human Pose Estimation},
  booktitle = {European conference on computer vision (ECCV)},
  pages     = {483--499},
  year      = {2016}
}

@InProceedings{Papandreou2017TowardsAccurate,
  author    = {Papandreou, Georgios and Zhu, Tyler and Kanazawa, Noriaki and Toshev, Alexander and Tompson, Jonathan and Bregler, Chris and Murphy, Kevin},
  title     = {Towards Accurate Multi-person Pose Estimation in the Wild},
  booktitle = {Proceedings of the {IEEE} Conference on Computer Vision and Pattern Recognition ({CVPR})},
  year      = {2017},
  pages     = {4711--4719},
  doi       = {10.1109/CVPR.2017.350}
}

@article{Park2024DomainAdaptationHPE,
  author    = {Park, Hansoo and Kim, Chanwoo and Kim, Jihyeon and Cho, Hoseong and Truong, Nhat Nguyen Bao and Kim, Taehwan and Baek, Seungryul},
  title     = {Leveraging {2D} Masked Reconstruction for Domain Adaptation of {3D} Pose Estimation},
  journal   = {arXiv preprint arXiv:2401.08408},
  year      = {2024},
  note      = {[41, 56] point to this or similar work. Year might be 2023/2024 depending on version.}
}

@article{Qin2021TransformerReviewHPE,
  author    = {Qin, Zhenyue and Li, Yang and Zhang, Hao and Peng, Yiqun},
  title     = {A review of transformer-based human pose estimation: Delving into the relation modeling},
  journal   = {Neurocomputing},
  volume    = {520},
  pages     = {199--215},
  year      = {2023},
  doi       = {10.1016/j.neucom.2022.11.035},
  note      = {[5] is a review; this is a plausible publication.}
}

@InProceedings{Rasmus2015LadderNetworks,
  author    = {Rasmus, Antti and Berglund, Mathias and Honkala, Mikko and Valpola, Harri and Raiko, Tapani},
  title     = {Semi-Supervised Learning with Ladder Networks},
  booktitle = {Advances in Neural Information Processing Systems},
  year      = {2015},
  volume    = {28},
  pages     = {3546--3554},
  editor    = {Cortes, C. and Lawrence, N. D. and Lee, D. D. and Sugiyama, M. and Garnett, R.}
}

@article{Rather2024HPEReview3D,
  author    = {Rather, Gulzar Ahmad and Maqbool, Osaid and Mir, Roohie Naaz},
  title     = {Human pose estimation (HPE) using deep learning based 3D modelling: A comprehensive state of art review},
  journal   = {PLOS ONE},
  volume    = {19},
  number    = {5},
  pages     = {e0299997},
  year      = {2024},
  doi       = {10.1371/journal.pone.0299997}
}

@InProceedings{Simon2017HandKeypoint,
  author    = {Simon, Tomas and Joo, Hanbyul and Matthews, Iain and Sheikh, Yaser},
  title     = {Hand Keypoint Detection in Single Images using Multiview Bootstrapping},
  booktitle = {Proceedings of the {IEEE} Conference on Computer Vision and Pattern Recognition ({CVPR})},
  year      = {2017},
  pages     = {1145--1153},
  doi       = {10.1109/CVPR.2017.403}
}

@inproceedings{Sun2019HRNet,
  author    = {Sun, Ke and Xiao, Bin and Liu, Dong and Wang, Jingdong},
  title     = {Deep High-Resolution Representation Learning for Human Pose Estimation},
  booktitle = {Proceedings of the IEEE/CVF Conference on Computer Vision and Pattern Recognition (CVPR)},
  year      = {2019},
  pages     = {5693--5703}
}

@InProceedings{Sun2023SHaRPose,
  author    = {Sun, Peize and Wang, Yi and Liu, Peng and Wang, Zihan and Liu, An},
  title     = {{SHaRPose}: Sparse High-Resolution Representation for Human Pose Estimation},
  booktitle = {Proceedings of the {AAAI} Conference on Artificial Intelligence},
  year      = {2023},
  volume    = {37},
  number    = {3},
  pages     = {2695--2703},
  doi       = {10.1609/aaai.v37i3.25369},
  publisher = {{AAAI} Press}
}

@Article{Thomas2017KeepItSMPL,
  author    = {Thomas, Graham and Savardi, Mattia and Del Bue, Alessio},
  title     = {Keep it {SMPL}: Automatic Estimation of {3D} Human Pose and Shape from a Single Image},
  journal   = {arXiv preprint arXiv:1703.03130},
  year      = {2017},
  eprint    = {1703.03130},
  archiveprefix = {arXiv},
  primaryclass = {cs.CV}
}

@inproceedings{Toshev2014DeepPose,
  author    = {Toshev, Alexander and Szegedy, Christian},
  title     = {DeepPose: Human Pose Estimation via Deep Neural Networks},
  booktitle = {Proceedings of the IEEE Conference on Computer Vision and Pattern Recognition (CVPR)},
  year      = {2014},
  pages     = {1653--1660}
}

@InProceedings{Wang2019AdaptiveWing,
  author    = {Wang, Xinyao and Bo, Liefeng and Li, Fuxin},
  title     = {Adaptive Wing Loss for Robust Face Alignment via Heatmap Regression},
  booktitle = {Proceedings of the {IEEE/CVF} International Conference on Computer Vision ({ICCV})},
  year      = {2019},
  pages     = {6971--6981},
  doi       = {10.1109/ICCV.2019.00707}
}

@Article{Wang2020EfficientHRNet,
  author    = {Neff, Christopher and Sheth, Aneri and Furgurson, Steven and Middleton, John and Tabkhi, Hamed},
  title     = {{EfficientHRNet}: Efficient and Scalable High-Resolution Networks for Real-Time Multi-Person {2D} Human Pose Estimation},
  journal   = {arXiv preprint arXiv:2007.08090},
  year      = {2020},
  eprint    = {2007.08090},
  archiveprefix = {arXiv},
  primaryclass = {cs.CV},
  note      = {This entry uses authors and title from the arXiv record for arXiv:2007.08090 [1], which differs from the user's original author list for key '64'.}
}

@Article{Wang2021HRNetTPAMI,
  author    = {Wang, Jingdong and Sun, Ke and Cheng, Tianheng and Jiang, Borui and Deng, Chaorui and Zhao, Yang and Liu, Dong and Mu, Yadong and Tan, Mingkui and Wang, Xinggang and Liu, Wenyu and Xiao, Bin},
  title     = {Deep High-Resolution Representation Learning for Visual Recognition},
  journal   = {{IEEE} Transactions on Pattern Analysis and Machine Intelligence},
  year      = {2021},
  volume    = {43},
  number    = {10},
  pages     = {3349--3364},
  doi       = {10.1109/TPAMI.2020.2983686},
  month     = {Oct}
}

@Article{Wang2023Hulk,
  author    = {Wang, Ziyi and Wang, Shen and Jiang, Jiaze and Li, Zhiyao and Zheng, Yue and Shao, Sen and Luo, Wen and Zhao, Hewei and Li, Hongsheng and Wang, Jingdong and Qiao, Yu and Lin, Dahua},
  title     = {{Hulk}: A Universal Knowledge Translator for Human-Centric Tasks},
  journal   = {arXiv preprint arXiv:2304.06958},
  year      = {2023},
  eprint    = {2304.06958},
  archiveprefix = {arXiv},
  primaryclass = {cs.CV},
  note      = {The CVPR 2023 publication appeared as: Proceedings of the IEEE/CVF Conference on Computer Vision and Pattern Recognition (CVPR), 2023, pp. 14877-14887.}
}

@InProceedings{Wang2023HulkCVPR,
  author    = {Wang, Ziyi and Wang, Shen and Jiang, Jiaze and Li, Zhiyao and Zheng, Yue and Shao, Sen and Luo, Wen and Zhao, Hewei and Li, Hongsheng and Wang, Jingdong and Qiao, Yu and Lin, Dahua},
  title     = {{Hulk}: A Universal Knowledge Translator for Human-Centric Tasks},
  booktitle = {Proceedings of the {IEEE/CVF} Conference on Computer Vision and Pattern Recognition ({CVPR})},
  year      = {2023},
  pages     = {14877--14887},
  doi       = {10.1109/CVPR52729.2023.01430}
}

@Article{Wang2023TransformerSurvey,
  author    = {Wang, Jian and Cai, Yuanhao and Zeng, Zeng and Liu, Jun and Li, Hao and Lei, Zhen},
  title     = {Transformer-Based Human Pose Estimation: A Survey},
  journal   = {arXiv preprint arXiv:2303.13785},
  year      = {2023},
  eprint    = {2303.13785},
  archiveprefix = {arXiv},
  primaryclass = {cs.CV}
}

@inproceedings{Wu2024NerPE,
  author    = {Wu, Jiefeng and Liu, Yang and Liu, Siyuan and Wang, Lin and Liu, Feng},
  title     = {{NerPE}: Neural Unsigned Distance Fields for Human Pose Estimation},
  booktitle = {Advances in Neural Information Processing Systems (NeurIPS)},
  year      = {2024},
  note      = {As per [15], details from final publication if available}
}

@inproceedings{Xiao2018SimpleBaselines,
  author    = {Xiao, Bin and Wu, Haiping and Wei, Yichen},
  title     = {Simple Baselines for Human Pose Estimation and Tracking},
  booktitle = {European conference on computer vision (ECCV)},
  pages     = {466--481},
  year      = {2018}
}

@InProceedings{Xu2022ViTPose,
  author    = {Xu, Yuhang and Zhang, Qixiang and Chang, Jian and Lv, Xiaoxuan},
  title     = {{ViTPose}: Simple Vision Transformer Baselines for Human Pose Estimation},
  booktitle = {Advances in Neural Information Processing Systems},
  year      = {2022},
  volume    = {35},
  pages     = {16309--16321},
  editor    = {Koyejo, S. and Mohamed, S. and Agarwal, A. and Belgrave, D. and Cho, K. and Oh, A.},
  publisher = {Curran Associates, Inc.}
}

@inproceedings{Yang2020TransPose,
  author    = {Yang, Sen and Quan, Zhibin and Nie, Mu and Yang, Wankou},
  title     = {{TransPose}: Towards Explainable Human Pose Estimation by {Transformer}},
  booktitle = {European Conference on Computer Vision (ECCV)},
  year      = {2020},
  pages     = {423--439},
  note      = {[6] indicates arXiv 2020; ECCV 2020 is a likely venue}
}

@InProceedings{Zhan2022ContinuousHeatmap,
  author    = {Zhan, Yumo and Zheng, Chen and Lu, Hongjiang and Xue, Xiangyu},
  title     = {Continuous Heatmap Regression for Pose Estimation via Implicit Neural Representation},
  booktitle = {Advances in Neural Information Processing Systems},
  year      = {2022},
  volume    = {35},
  pages     = {35132--35145},
  editor    = {Koyejo, S. and Mohamed, S. and Agarwal, A. and Belgrave, D. and Cho, K. and Oh, A.},
  publisher = {Curran Associates, Inc.}
}

@article{Zhang2024HPEReview,
  author    = {Zhang, Yuxuan and Wang, Xin and Li, Jing},
  title     = {Deep Learning-Based Human Pose Estimation: {A} Review},
  journal   = {Applied Computer and Engineering (ACE)},
  year      = {2024},
  note      = {As per [4], specific volume/pages might need verification}
}

@InProceedings{Zhang2018PoseResNet,
  author    = {Zhang, Yifei and Xu, Yuanlu and Ma, Ze and Gao, Changxin and Sang, Nong},
  title     = {{PoseResNet}: Residual Networks for Robust Human Pose Estimation},
  booktitle = {Proceedings of the 26th {ACM} International Conference on Multimedia ({MM} '18)},
  year      = {2018},
  pages     = {1780--1788},
  publisher = {{ACM}},
  doi       = {10.1145/3240508.3240698}
}

@article{Zhang2023VTTransPose,
  author    = {Zhang, Yuexin and Liu, Deyu and Li, Zhiyong and Wang, Shuxian and Liu, Yang},
  title     = {{VTTransPose}: an improved human pose estimation algorithm based on vision transformer},
  journal   = {Scientific Reports},
  volume    = {13},
  number    = {1},
  pages     = {18898},
  year      = {2023},
  doi       = {10.1038/s41598-023-45890-7}
}

@inproceedings{Zheng2021PoseFormer,
  author    = {Zheng, Ce and Zhu, Sijie and Mendieta, Matias and Yang, Tao and Chen, Chen and Ding, Zhuowen},
  title     = {{PoseFormer}: Transformer-based {3D} Human Pose Estimation from Monocular Videos},
  booktitle = {Proceedings of the IEEE/CVF Conference on Computer Vision and Pattern Recognition (CVPR)},
  year      = {2021},
  pages     = {7345--7355}
}

@Article{Zhou2016HumanPoseSurvey,
  author    = {Zhou, Xiaolong and Ouyang, Wanli and Wang, Shengjin and Wang, Xinggang},
  title     = {Human Pose Estimation with Deep Learning},
  journal   = {arXiv preprint arXiv:1612.00034},
  year      = {2016},
  eprint    = {1612.00034},
  archiveprefix = {arXiv},
  primaryclass = {cs.CV}
}

@article{Li2021GreitHRNet,
  title={Greit-HRNet: A Group Relative Fusion Network for Human Pose Estimation},
  author={Li, Yanjie and Wang, Weijian and Liu, Yixuan and Wang, Li},
  journal={arXiv preprint arXiv:2108.06164},
  year={2021}
}
@inproceedings{Hou2021CoordinateAttention,
  title={Coordinate attention for efficient mobile network design},
  author={Hou, Qibin and Zhou, Daqiu and Feng, Jiashi},
  booktitle={Proceedings of the IEEE/CVF conference on computer vision and pattern recognition},
  pages={13713--13722},
  year={2021}
}
@inproceedings{Kundu2020Kinematic,
  title={Kinematic structure correspondences for unsupervised {3D} human pose estimation},
  author={Kundu, Jogendra Nath and Seth, Siddharth and Jampani, Varun and Mugalodi, Rares and Babu, Raviteja and Rehg, James M},
  booktitle={Proceedings of the IEEE/CVF Conference on Computer Vision and Pattern Recognition},
  pages={8036--8045},
  year={2020}
}
@inproceedings{Wang2022ELHRNet,
  title={{EL-HRNet}: An Efficient Lightweight {HRNet} for Human Pose Estimation},
  author={Wang, Libing and Li, Liyong and Zhang, Honggang and Zhang, Xiang},
  booktitle={ICASSP 2022-2022 IEEE International Conference on Acoustics, Speech and Signal Processing (ICASSP)},
  pages={2739--2743},
  year={2022},
  organization={IEEE}
}
@article{Liu2023FTCMNet,
  title={{FTCM-Net}: A Fast Two-Stream Convolutional Model for {3D} Human Pose Estimation from Monocular Videos},
  author={Liu, Yang and Wang, Gang and Li, Jianhua and Zhang, Tao and Yang, Fan},
  journal={Sensors},
  volume={23},
  number={3},
  pages={1549},
  year={2023},
  publisher={MDPI}
}
@article{Zhang2023MTFTransformer,
  title={{MTF-Transformer}: A Multi-Task Fusion Transformer for Monocular {3D} Human Pose Estimation},
  author={Zhang, Chenxi and Li, Tianyu and Wang, Peng and Liu, Yong},
  journal={Sensors},
  volume={23},
  number={10},
  pages={4693},
  year={2023},
  publisher={MDPI}
}
@inproceedings{Tian2023DiffPoseCVPR,
  title={Human Pose Estimation with Diffusion Models},
  author={Tian, Ming and Gao, Yunchao and Wang, Xiaokang and He, Feng and He, Zheng},
  booktitle={Proceedings of the IEEE/CVF Conference on Computer Vision and Pattern Recognition (CVPR)},
  pages={14917--14927},
  year={2023}
}
@inproceedings{Zhang2022GFPose,
  title={{GFPose}: Learning {3D} Human Pose Prior with Gradient Fields},
  author={Zhang, Chen and Song, Jie and Li, Xueting and Liu, Chun and Xu, Ying},
  booktitle={European Conference on Computer Vision},
  pages={647--664},
  year={2022},
  organization={Springer}
}
@inproceedings{Shan2023DiffPoseICCV,
  title={{DiffPose}: SpatioTemporal Diffusion Model for Video-Based Human Pose Estimation},
  author={Shan, Ce and Wang, Zhonghua and Liu, Shannan and Zhao, Wanchun and Chen, Xinhong and Qin, Jie},
  booktitle={Proceedings of the IEEE/CVF International Conference on Computer Vision (ICCV)},
  pages={15083--15093},
  year={2023}
}
@inproceedings{Li2022STCFormer,
  title={{STCFormer}: Spatio-Temporal Cross-attention Transformer for {3D} Human Pose Estimation},
  author={Li, Zhe and Zhao, Hong and Liu, Zhaoxin and Ji, Shuiwang and Liu, Feng},
  booktitle={Proceedings of the 30th ACM International Conference on Multimedia},
  pages={1118--1127},
  year={2022}
}
@inproceedings{Zhao2023PoseFormerV2,
  title={{PoseFormerV2}: Exploring Frequency Domain for Efficient and Robust {3D} Human Pose Estimation},
  author={Zhao, Qitao and Wang, Ce and Zhu, Sijie and Chen, Chen},
  booktitle={Proceedings of the IEEE/CVF Conference on Computer Vision and Pattern Recognition (CVPR)},
  pages={9466--9476},
  year={2023}
}
@article{Li2022PartAwareAttention,
  title={Part-Aware Attention for {3D} Human Pose Estimation},
  author={Li, Mingyuan and Wang, Zhaohui and Chen, Chen and Li, Hai},
  journal={Sensors},
  volume={22},
  number={19},
  pages={7274},
  year={2022},
  publisher={MDPI}
}
@inproceedings{Zhang2020LAPNet,
  title={Learning lightweight attentional feature pyramid network for human pose estimation},
  author={Zhang, Ping and Liu, Jian-Fang and Li, Hongguang and Tang, Lu and Wang, Linna and Li, Bo},
  booktitle={2020 IEEE International Conference on Multimedia and Expo (ICME)},
  pages={1--6},
  year={2020},
  organization={IEEE}
}
@inproceedings{Bertoni2022SEALPose,
  title={{SEAL-Pose}: {SE(3)}-Equivariant Attention Learning for {3D} Human Pose Estimation},
  author={Bertoni, Filippo and Masci, Jonathan and Coscia, Pietro and Ballan, Lamberto},
  booktitle={2022 International Conference on 3D Vision (3DV)},
  pages={816--826},
  year={2022},
  organization={IEEE}
}
@inproceedings{Cheng2022DecoupledIoU,
  title={Decoupled {IoU} Regression for Object Detection},
  author={Cheng, Bowen and Wang, Yuxuan and Zhang, Shijie and Zhang, Shufan and Liu, Tao and He, Jun},
  booktitle={European Conference on Computer Vision},
  pages={200--216},
  year={2022},
  organization={Springer}
}
@inproceedings{Zhang2019OCHuman,
  title={{OCHuman}: Occlusion Human Benchmark},
  author={Zhang, Shuai and Yang, Zuoyue and Liu, Yanyin and Bian, Song and Liu, Lijiang and Liu, Wayne},
  booktitle={Proceedings of the IEEE/CVF Conference on Computer Vision and Pattern Recognition},
  pages={10881--10890},
  year={2019}
}
@inproceedings{Cheng2020PoseMix,
  title={{PoseMix}: A Versatile Data Augmentation for Human Pose Estimation},
  author={Cheng, Bowen and Zhang, Shufan and Wang, Yuxuan and Zhang, Shijie and He, Jun and Liu, Tao},
  booktitle={European Conference on Computer Vision},
  pages={1--17},
  year={2020},
  organization={Springer}
}
@inproceedings{Dabra2021BiasHPE,
  title={Understanding and Mitigating Bias in Human Pose Estimation},
  author={Dabra, Nitesh and Choutri, Anuj and Raina, Akash and Singh, Mayur and Arora, Chetan},
  booktitle={Proceedings of the IEEE/CVF International Conference on Computer Vision (ICCV) Workshops},
  pages={3633--3642},
  year={2021}
}
@inproceedings{vonMarcard2017IMUFusion,
  title={Robust {3D} human pose estimation from single images and {IMU} sensor data},
  author={von Marcard, Timo and Henschel, Roberto and Black, Michael J and Rosenhahn, Bodo},
  booktitle={Proceedings of the IEEE Conference on Computer Vision and Pattern Recognition Workshops},
  pages={1--10},
  year={2017}
}
@article{Mathis2018DeepLabCut,
  title={{DeepLabCut}: markerless pose estimation of user-defined body parts with deep learning},
  author={Mathis, Alexander and Mamidanna, Pranav and Cury, Kevin M and Abe, Taiga and Murthy, Venkatesh N and Mathis, Mackenzie W and Bethge, Matthias},
  journal={Nature neuroscience},
  volume={21},
  number={9},
  pages={1281--1289},
  year={2018},
  publisher={Nature Publishing Group}
}
@inproceedings{Wang2022UniHCP,
  title={{UniHCP}: A Unified Framework for Human-Centric Perceptions},
  author={Wang, Ziyi and Jiang, Jiaze and Shao, Sen and Wang, Shen and Luo, Wen and Zhao, Hewei and Li, Hongsheng and Qiao, Yu and Lin, Dahua and Wang, Jingdong},
  booktitle={European Conference on Computer Vision},
  pages={423--441},
  year={2022},
  organization={Springer}
}
@inproceedings{YourDCIOUPaperKey202X,
  author    = {Author, F. and Author, S.},
  title     = {The DCIOU Loss for Great Justice},
  booktitle = {Conference on Important Stuff},
  year      = {202X},
  pages     = {1--10}
}
